<?xml version="1.0" encoding="UTF-8"?><collection xmlns="http://www.loc.gov/MARC21/slim"><record><leader>00510nam--2200193-i-4500</leader><controlfield tag="001">000013460</controlfield><controlfield tag="002">20161230</controlfield><controlfield tag="005">20161230201030</controlfield><controlfield tag="008">060222s1000------------r-----000-0-rus-d</controlfield><datafield ind1=" " ind2=" " tag="040"><subfield code="a">IFIN-HH</subfield></datafield><datafield ind1=" " ind2=" " tag="041"><subfield code="a">rus</subfield></datafield><datafield ind1=" " ind2=" " tag="080"><subfield code="a">537.61:537.8.029</subfield></datafield><datafield ind1="1" ind2=" " tag="100"><subfield code="a">Semenov, A.A</subfield></datafield><datafield ind1="1" ind2="0" tag="245"><subfield code="a">Fluktuatii elektromagnitih voln</subfield><subfield code="b">Na prizemnih trassah</subfield><subfield code="c">A.a. semenov; t.i. arsenian</subfield></datafield><datafield ind1=" " ind2=" " tag="260"><subfield code="a">Moskva</subfield><subfield code="b">Nauka</subfield><subfield code="c">1978</subfield></datafield><datafield ind1=" " ind2=" " tag="300"><subfield code="a">272P</subfield></datafield><datafield ind1="1" ind2=" " tag="700"><subfield code="a">Arsenian, T.I</subfield></datafield><datafield ind1=" " ind2=" " tag="852"><subfield code="a">47250</subfield><subfield code="c">537:538</subfield></datafield><datafield ind1=" " ind2=" " tag="CAT"><subfield code="a">Sys</subfield><subfield code="c">20110623</subfield><subfield code="h">123959</subfield></datafield></record></collection>